@Article{benjamin:1995,
   Author="Benjamin Y. and Hochberg Y.",
   Title="{Controlling the false discovery rate: a practical and powerful approach to multiple testing.}",
   Journal="J Royal Statistical Society",
   Year="1995",
   Volume="Series B",
   Number="57",
   Pages="289",
   Month=""
}
@Article{benjamin:2001,
   Author="Benjamin, Y. and Hochberg, Y.",
   Title="{The control of the false discovery rate in
multiple tesing under dependency.}",
   Journal="Ann. Stat.",
   Year="2001",
   Volume="29",
   Number="",
   Pages="1665-8",
   Month=""
}
@Article{churchill:2002,
   Author="Churchill, G.A.",
   Title="{Fundamentals of experimental design for cDNA microarrays.}",
   Journal="Nat Genet",
   Year="2002",
   Volume="32",
   Number="Suppl 2",
   Pages="490-5",
   Month=""
}
@Article{cui:2003a,
   Author="Cui, XQ and Kerr, M.K. and Churchill, G.A.",
   Title="{Transformation for cDNA Microarray Data}",
   Journal="Statistical Applications in Genetics and Molecular Biology",
   Year="2003",
   Volume="2",
   Number="1, article 4",
   Pages="",
   Month=""
}
@Article{cui:2003b,
   Author="Cui, XQ and Churchill, G.A.",
   Title="{Statistical Tests for Differential Expression in cDNA Microarray Experiments}",
   Journal="Genome Biology",
   Year="2003",
   Volume="4",
   Number="",
   Pages="201",
   Month=""
}
@Article{cui:2005,
   Author="Cui, XQ and Hwang, G. and Qiu, J. and Blades, 
N. and Churchill, G.A.",
   Title="{Improved Statistical Tests for Differential Gene Expression by Shrinking Variance Components}",
   Journal="Biostatistics ",
   Year="2005",
   Volume="6",
   Number="",
   Pages="59-75",
   Month=""
}
@Article{felsenstein:1985,
   Author="Felsenstein, J.",
   Title="{Confidence limits on phylogenies - An approach using the bootstrap}",
   Journal="Evolution",
   Year="1985",
   Volume="39",
   Number="",
   Pages="783",
   Month=""
}
@Article{Kerr:2001a,
   Author="Kerr, M.K. and Afshari, C.A. and Bennett, L. and
Bushel, P. and Martinez, J. and Walker, N. and Churchill, G.A.",
   Title="{Statistical analysis of a gene expression microarray
experiment with replication}",
   Journal="Statistica Sinica",
   Year="2001",
   Volume="12",
   Number="",
   Pages="203",
   Month=""
}
@Article{kerr:2001b,
   Author="Kerr, M.K. and Churchill, G.A.",
   Title="{Experimental design for gene expression microarrays}",
   Journal="Biostatistics",
   Year="2001",
   Volume="2",
   Number="",
   Pages="183",
   Month=""
}
@Article{kerr:2001c,
   Author="Kerr, M.K. and Churchill, G.A.",
   Title="{Bootstrapping cluster analysis: Assessing the reliability of 
conclusion from microarray experiments}",
   Journal="PNAS",
   Year="2001",
   Volume="98",
   Number="",
   Pages="8961",
   Month=""
}
@Article{kerr:2000,
   Author="Kerr, M.K. and Martin, M. and Churchill, G.A.",
   Title="{Analysis of variance for gene expression microarray data}",
   Journal="J Computational Biology",
   Year="2000",
   Volume="7",
   Number="",
   Pages="819",
   Month=""
}
@InBook{kerr:2002,
  author =  {Kerr, M.K. and Leiter, E.H. and Picard, L. and Churchill, G.A.},
  editor =       {},
  title =        {Computational and Statistical Approaches to Genomics},
  chapter =      {Sources of Variation in Microarray Experiments},
  publisher =    {Kluwer Academic Publishers},
  year =         {2002},
  OPTkey =       {},
  OPTvolume =    {},
  OPTnumber =    {},
  OPTseries =    {},
  OPTtype =      {},
  OPTaddress =   {},
  OPTedition =   {},
  OPTmonth =     {},
  OPTpages =     {},
  OPTnote =      {},
  OPTannote =    {}
}
@Book{littell:1996,
  author =       {Littell, R.C. and Milliken, G.A. 
and Stroup, W.W. and Wolfinger, R.D.},
  title =        {SAS system for mixed models},
  publisher =    {SAS institute Inc.},
  year =         {1996},
  OPTkey =       {},
  OPTvolume =    {},
  OPTnumber =    {},
  OPTseries =    {},
  OPTtype =      {},
  OPTaddress =   {},
  OPTedition =   {},
  OPTmonth =     {},
  OPTpages =     {},
  OPTnote =      {},
  OPTannote =    {}
}

@Article{margush:1981,
   Author="Margush, T and McMorris, F.R.",
   Title="{Consensus n-trees}",
   Journal="Bulletin of Mathematical Biology",
   Year="1981",
   Volume="43",
   Number="",
   Pages="239",
   Month=""
}
@Article{mclean:1991,
   Author="McLean, R.A. and Sanders, W.L. and Stroup, W.W.",
   Title="{A Unified Approach to Mixed Linear Models}",
   Journal="The American Statistician",
   Year="1991",
   Volume="45",
   Number="",
   Pages="54-64",
   Month=""
}
@Article{prichard:2001,
   Author="Prichard, C.C. and Hsu, L. and Delrow, J. and Nelson, P.S.",
   Title="{Project normal: defining normal variance in mouse gene expression}",
   Journal="PNAS",
   Year="2001",
   Volume="98",
   Number="",
   Pages="13266",
   Month=""
}
@Article{witk:2001,
   Author="Witkovsky, V.",
   Title="{MATLAB algorithm mixed.m for solving Henderson's
mixed model equations}",
   Journal="Technical Report, Inst. of Measurement Science,
Slovak Academy of Science",
   Year="2001",
   Volume="",
   Number="",
   Pages="",
   Month=""
}
@Article{wolfinger:2001,
   Author="Wolfinger, R.D. and Gibson, G. and Wolfinger, E.D. and Bennett, L. 
and Hamadeh, H. and Bushel, P. and Ashfari, C. and Paules, R.S.",
   Title="{Assessing gene significance from cDNA microarray
expression data via mixed models}",
   Journal="J Comp Biol",
   Year="2001",
   Volume="8",
   Number="",
   Pages="625",
   Month=""
}

@Article{yang:2002,
   Author="Yang, Y.H. and Dudoit, S. and Luu, P. and Lin, D.M. and
Peng, V. and Ngai, J. and Speed, T.P.",
   Title="{Normalization for cDNA microarray data:  
a robust composite method addressing single and 
multiple slide systematic variation}",
   Journal="Nucleic Acids Research",
   Year="2002",
   Volume="30",
   Number="",
   Pages="e15",
   Month=""
}

@Book{searle:1992,
  author =       {Searle, S.R. and Casella, G. and McCulloch, C.E.},
  title =        {Variance Components},
  publisher =    {John Wiley and sons, Inc.},
  year =         {1992},
  OPTkey =       {},
  OPTvolume =    {},
  OPTnumber =    {},
  OPTseries =    {},
  OPTtype =      {},
  OPTaddress =   {},
  OPTedition =   {},
  OPTmonth =     {},
  OPTpages =     {},
  OPTnote =      {},
  OPTannote =    {}
}
@Book{sas:1999,
  author =       {SAS institute Inc.},
  title =        {SAS/STAT User's Guide},
  publisher =    {SAS institute Inc.},
  year =         {1999},
  OPTkey =       {},
  OPTvolume =    {},
  OPTnumber =    {},
  OPTseries =    {},
  OPTtype =      {},
  OPTaddress =   {},
  OPTedition =   {},
  OPTmonth =     {},
  OPTpages =     {},
  OPTnote =      {},
  OPTannote =    {}
}
